@book{Barbi:2001,
  author =       {Ivo Barbi},
  title =        {Eletrônica de Potência},
  publisher =    {Edição do Autor},
  address =      {Florianópolis, BR},
  year =         {2006},
  pages =        {315},
  edition = 		 {Sexta Edição},
}

@book{Denizar:2008,
  author =       {Martins D. C. e Barbi I.},
  title =        {Conversores CC-CC Básicos Não Isolados},
  publisher =    {Edição do Autor},
  address =      {Florianópolis, BR},
  year =         {2008},
  pages =        {368},
}

@book{Incropera,
  author =       " Incropera F. P.  Dewitt D. P.  Bergman T. L. e  Lavine A. S.",
  title =        "Fundamentos de Transfer\^encia de Calor e de Massa",
  edition =      "6",
  publisher =    "LTC",
  address =      "Rio de Janeiro,BR",
  year =         "2008",
  pages =        "698",
}

@book{Holman,
  author =       "  Holman J. P.",
  title =        "Transfer\^encia de Calor",
  publisher =    "McGraw-Hill",
  address =      "S\~ao Paulo,BR",
  year =         "1983",
}

@misc{
semisouth:sic,
  howpublished = "\url{http://www.semisouth.com/products/products.html}"
}



@INPROCEEDINGS{
Heerdt:2010, 
author={Heerdt, J.A. and Mussa, S.A. and Heldwein, M.L.}, 
booktitle={IEEE International Symposium on Industrial Electronics (ISIE)}, title={Semiconductors current efforts and losses evaluation for single-phase three-level regenerative PWM rectifiers}, 
year={2010}, 
month={july}, 
volume={}, 
number={}, 
pages={1046 -1051}, 
keywords={AC electronic loads;EMC filters;UPS testing;current harmonics;distribution transformers;loss measurements;losses evaluation;power 3.5 kW;semiconductors current efforts;single-phase three-level regenerative PWM rectifiers;PWM rectifiers;electromagnetic compatibility;loss measurement;power harmonic filters;uninterruptible power supplies;}, 
doi={10.1109/ISIE.2010.5636916}, 
ISSN={},}

@inproceedings{
dupczak:2011,
   Author = {Dupczak, B.S. and Perin, A.J. and Heldwein, M.L.},
   Title = {Space Vector Modulation Strategy Applied to Autotransformers-based Five-level Current Source Inverters for Electric Propulsion},
   Booktitle = {Accepted for publication in the EPE-ECCE 2011},
   Address= {Birmingham, UK},
      Year = {2011} }
      
%Referências da minha dissertação
      
@ARTICLE{Kataoka:1979, 
author={Kataoka, Teruo and Mizumachi, Kazuhiro and Miyairi, Shota}, 
journal={IEEE Transactions on Industry Applications},
title={A Pulsewidth Controlled AC-to-DC Converter to Improve Power Factor and Waveform of AC Line Current}, 
year={1979}, 
month={nov. }, 
volume={IA-15}, 
number={6}, 
pages={670 -675}, 
keywords={Analog-digital conversion;Capacitors;Power harmonic filters;Power system harmonics;Pulse circuits;Pulse width modulation converters;Reactive power;Space vector pulse width modulation;Thyristors;Voltage control;}, 
doi={10.1109/TIA.1979.4503728}, 
ISSN={0093-9994},}

@book{Erickson:2001,
  author =       {Robert W. Erickson and Dragan Maksimovi\'{C}},
  title =        {Fundamentals of Power Electronics},
  publisher =    {Springer Science+Business Media},
  address =      {New York, USA},
  year =         {2001},
  pages =        {863},
  edition = 		 {Second Edition},
}

@book{Lipo:2003,
  author =       {D. Grahame Holmes and Thomas A. Lipo},
  title =        {Pulse Width Modulation for Power Converters - Principle and Practice},
  publisher =    {IEEE Press},
  address =      {New Jersey, USA},
  year =         {2003},
  pages =        {724},
}

@book{Wu:2006,
  author =       {Bin Wu},
  title =        {High-Power Converters and AC Drives},
  publisher =    {IEEE Press},
  address =      {Hoboken, USA},
  year =         {2006},
  pages =        {332},
}

@ARTICLE{Ziogas:1994, 
author={Zargari, N.R. and Joos, G. and Ziogas, P.D.}, 
journal={IEEE Transactions on Industry Applications}, title={Input Filter Design for PWM Current-Source Rectifiers}, 
year={1994},
month={nov/dec}, 
volume={30}, 
number={6}, 
pages={1573}, 
keywords={Attenuation;Costs;Damping;Power harmonic filters;Power system harmonics;Pulse width modulation;Reactive power;Rectifiers;Resonant frequency;Voltage;}, 
doi={10.1109/TIA.1994.350312}, 
ISSN={0093-9994},}

@book{Franklin:2008,
  author =       {Gene F. Franklin and J. David Powell and Abbas Emani-Naeini},
  title =        {Feedback Control of Dynamic Systems},
  publisher =    {Pearson Education},
  address =      {India},
  year =         {2008},
  pages =        {928},
  edition = 		 {Fifty Edition},
}

@INPROCEEDINGS{Kataoka:1996, 
author={Sato, Y. and Kataoka, T.}, 
booktitle={Industry Applications Conference, IAS}, title={A current type PWM rectifier with active damping function}, 
year={1995}, 
month={oct}, 
volume={3}, 
number={}, 
pages={2333 -2340 vol.3}, 
keywords={Circuit stability;Control systems;Damping;Delay effects;Feedback circuits;Feedback control;Power harmonic filters;Pulse width modulation;Rectifiers;Steady-state;PWM power convertors;damping;feedback;oscillations;power system harmonics;rectifying circuits;stability;transient analysis;voltage control;AC input current;LC filter;active damping function;circuit parameters;control delay;control method;current stability;current type PWM rectifier;feedback control;harmonic components;harmonic currents reduction;steady state waveform distortion;transient oscillation;}, 
doi={10.1109/IAS.1995.530599}, 
ISSN={0197-2618},}

@ARTICLE{Zargari:2011, 
author={Fangrui Liu and Bin Wu and Zargari, N.R. and Pande, M.}, 
journal={IEEE Transactions on Power Electronics}, title={An Active Damping Method Using Inductor-Current Feedback Control for High-Power PWM Current-Source Rectifier}, 
year={2011}, 
month={sept. }, 
volume={26}, 
number={9}, 
pages={2580-2587}, 
keywords={Capacitors;Damping;Harmonic analysis;Inductors;Low pass filters;Modulation;Power harmonic filters;PWM power convertors;control system synthesis;damping;feedback;power filters;proportional control;rectifying circuits;ICF-based active damping strategy;LC resonance;VR-based active damping strategy;active damping method;capacitor voltage;controller design;derivative inductor-current feedback;filter inductor current;high-power PWM current-source rectifier;high-power pulse width modulation current-source rectifier;inductor-capacitor filter;inductor-current feedback control;proportional capacitor-voltage feedback;resonant frequency;short-circuited DC-link conditions;switching frequency;virtual-resistance-based active damping strategy;Active damping;LC resonance;current-source rectifier (CSR);inductor-current feedback (ICF);}, 
doi={10.1109/TPEL.2011.2111423}, 
ISSN={0885-8993},}

@ARTICLE{Wu:2005, 
author={Wiseman, J.C. and Bin Wu}, 
journal={IEEE Transactions on Industrial Electronics}, title={Active damping control of a high-power PWM current-source rectifier for line-current THD reduction}, 
year={2005}, 
month={june}, 
volume={52}, 
number={3}, 
pages={ 758 - 764}, 
keywords={Damping;Medium voltage;Power harmonic filters;Power system harmonics;Pulse width modulation;Rectifiers;Resonance;Resonant frequency;Space vector pulse width modulation;Total harmonic distortion; PWM power convertors; damping; harmonic distortion; power conversion harmonics; power harmonic filters; rectifying circuits; switching convertors; 2.3 to 7.2 kV; 540 Hz; LC filter; LC resonant frequency; PWM current-source rectifier; THD reduction; active damping control; active front-end converter; high-power current-source rectifier; line current THD reduction; parallel resonance; power system impedance; series resonance; space-vector modulation; switching frequency; total harmonic distortion reduction; Active damping; active front-end (AFE) converter; current-source rectifier; pulsewidth-modulation (PWM) rectifier; space-vector modulation (SVM);}, 
doi={10.1109/TIE.2005.843939}, 
ISSN={0278-0046},}

@INPROCEEDINGS{Dahono:2003, 
author={Dahono, P.A.}, 
booktitle={International Telecommunications Energy Conference (INTELEC)}, 
title={A method to damp oscillations on the input LC filter of current-type AC-DC PWM converters by using a virtual resistor}, 
year={2003}, 
month={oct.}, 
volume={}, 
number={}, 
pages={757 -761}, 
keywords={Capacitive sensors;Capacitors;Inductors;Power harmonic filters;Pulse width modulation;Pulse width modulation converters;Resistors;Resonant frequency;Switching converters;Voltage;AC-DC power convertors;PWM power convertors;filters;oscillations;resistors;AC-DC PWM converters;LC filter;current sensor;damp oscillations;filter inductor;virtual resistor;voltage sensor;}, 
doi={}, 
ISSN={},}
  
@PhDThesis{Greff:2009,
author = {Diego Santos Greff},
title  ={Retificador Buck Trifásico Unidirecional PWM Isolado em Alta-Frequância por Único Estágio},
year = {2009},
school = {Universidade de Santa Catarina (UFSC) - Instituto de Eletrônica de Potência}
}

@PhDThesis{Flabio:2006,
author = {Flábio Alberto Bardemaker Batista},
title  = {Modulação Vetorial Aplicada a Retificadores Trifásicos PWM Unidirecionais},
year = {2006},
school = {Universidade de Santa Catarina (UFSC) - Instituto de Eletrônica de Potência}
}

@mastersthesis{Flores:2012,
author = {Daniel Flores Cortez},
title  = {Inversor Trifásico Utilizando Célula de Comutação de Múltiplos Estados Para Conexão de um Sistema Eólico à Rede Elétrica - Estudo, Projeto e Implementação},
year = {2012},
school = {Universidade de Santa Catarina (UFSC) - Instituto de Eletrônica de Potência}
}

@mastersthesis{Collier:2011,
author = {Daniel Augusto Figueirêdo Collier},
title  = {Modelagem e Controle de Retificadores PWM Trifásico Conectados a Geradores Síncronos a Ímãs Permanentes em Sistemas de Conversão de Energia Eólica},
year = {2011},
school = {Universidade de Santa Catarina (UFSC) - Instituto de Eletrônica de Potência}
}

@mastersthesis{Ortmann:2008,
author = {Márcio Silveira Ortmann},
title  = {Filtro Ativo Trifásico com Controle Vetorial Utilizando DSP: Projeto e Implementação},
year = {2008},
school = {Universidade de Santa Catarina (UFSC) - Instituto de Eletrônica de Potência}
}

@book{Neacsu:2008,
  author =       {Dorin O. Neacsu},
  title =        {Power-Switching Conveters: Medium and High Power},
  publisher =    {Taylor \& Francis Group, LLC},
  address =      {Boca Raton, USA},
  year =         {2006},
  pages =        {355},
}

@book{Barbi:1985,
  author =       {Ivo Barbi},
  title =        {Teoria Fundamental do Motor de Indução},
  publisher =    {Editora da UFSC},
  address =      {Florianópolis, Brasil},
  year =         {1985},
  pages =        {234},
}

@book{Schaum:1999,
  author =       {Murray R. Spiegel e John Liu},
  title =        {Mathematical Handbook of Formulas and Tables - Schaum's Outlines},
  publisher =    {McGraw-Hill},
  address =      {USA},
  year =         {1999},
  pages =        {278},
  edition = 		 {Second Edition},
}

@PhDThesis{Heldwein:2008,
author = {Marcelo Lobo Heldwein},
title  = {EMC Filtering of Three-Phase PWM Converters},
year = {2007},
school = {ETH Zürich - Eldgenössische Technische Hochschule Zürich}
}

@ARTICLE{Aredes:2006, 
author={Rolim, L.G.B. and da Costa, D.R. and Aredes, M.}, 
journal={IEEE Transactions on Industrial Electronics}, title={Analysis and Software Implementation of a Robust Synchronizing PLL Circuit Based on the pq Theory}, 
year={2006}, 
month={dec. }, 
volume={53}, 
number={6}, 
pages={1919 -1926}, 
keywords={Active filters;Brazil Council;Circuits;Frequency synchronization;Phase locked loops;Power system simulation;Robustness;Static power converters;Voltage;Voltage-controlled oscillators;oscillations;phase locked loops;power engineering computing;power system control;power system harmonics;synchronisation;PLL circuit;PLL software implementation;active power line conditioner controller;fundamental frequency;phase angle;phase synchronization;phase-locked loop circuit;positive-sequence component;pq theory;subharmonic frequency oscillations;system voltage;Phase-locked loops (PLL);phase synchronization;power systems;}, 
doi={10.1109/TIE.2006.885483}, 
ISSN={0278-0046},}

@book{Akagi:2007,
  author =       {Hirofumi Akagi and Edson Hirokazu Watanabe and Mauricio Aredes},
  title =        {Instantaneous Power Theory and Applications to Power Conditioning},
  publisher =    {IEEE Press Series on Power Engineering},
  address =      {Hoboken},
  year =         {2007},
  pages =        {374}
}

@ARTICLE{BaumannKolar:2007, 
author={Baumann, M. and Kolar, J.W.}, 
journal={IEEE Transactions on Industrial Electronics}, title={Parallel Connection of Two Three-Phase Three-Switch Buck-Type Unity-Power-Factor Rectifier Systems With DC-Link Current Balancing}, 
year={2007}, 
month={dec. }, 
volume={54}, 
number={6}, 
pages={3042 -3053}, 
keywords={Bandwidth;Filtering;Hysteresis;Joining processes;Power generation;Power system reliability;Prototypes;Rectifiers;Switching loss;Voltage;PWM rectifiers;rectifying circuits;dc-link current balancing;digital-signal-processor;pulsewidth-modulation rectifier;space vector modulation scheme;switching losses;three-phase three-switch buck-type unity-power-factor rectifier;Buck rectifier;circulating current;current balancing;parallel three-phase rectifiers;power factor correction;pulsewidth modulation (PWM);}, 
doi={10.1109/TIE.2007.907006}, 
ISSN={0278-0046},}

@INPROCEEDINGS{Bernet:2010, 
author={Filsecker, F. and Álvarez, R. and Bernet, S.}, 
booktitle={International Conference on Industrial Technology (ICIT)}, title={Design and losses of PWM current source converters}, 
year={2010}, 
month={march}, 
volume={}, 
number={}, 
pages={737 -744}, 
keywords={Filters;Induction motors;Inductors;Pulse width modulation;Pulse width modulation converters;Pulse width modulation inverters;Rectifiers;Switches;Switching converters;Temperature;PWM invertors;PWM power convertors;constant current sources;drives;induction motors;losses;PWM current source converters;PWM current source rectifier;current source inverter;dc-link choke;drive;induction motor;losses;power 1 MW;semiconductors;voltage 4.16 kV;}, 
doi={10.1109/ICIT.2010.5472712}, 
ISSN={},}

@INPROCEEDINGS{Drofenik:2005, 
author={Uwe DROFENIK and Johann W. KOLAR}, 
booktitle={International Power Electronics Conference (IPEC)}, 
title={A General Scheme for Calculating Switching and Conduction-Losses of Power Semiconductors in Numerical Circuit Simulations of Power Electronic Systems}, 
year={2005}, 
month={Abril}, 
volume={}, 
number={CD-ROM}, 
pages={737 -744}, 
ISSN={4-88686-065-6 },}

@INPROCEEDINGS{Palmer:2007, 
author={Abu-Khaizaran, M. and Palmer, P.}, 
booktitle={Power Electronics Specialists Conference (PESC)}, title={Commutation in a High Power IGBT Based Current Source Inverter}, 
year={2007}, 
month={june}, 
volume={}, 
number={}, 
pages={2209 -2215}, 
keywords={Diodes;Insulated gate bipolar transistors;Power engineering and energy;Pulse width modulation;Pulse width modulation inverters;Snubbers;Stability;Switches;Thyristors;Voltage control;commutation;invertors;power semiconductor switches;snubbers;stability;switching convertors;RC snubbers;commutation effect;current source inverter;diode reverse recovery;high power IGBT switches;insulated gate bipolar transistors;stability;stray inductances;Current Commutation;Current Source Inverter;Series Operation;Snubbers;Space Vector Modulation;Stability;Voltage Sharing;}, 
doi={10.1109/PESC.2007.4342351}, 
ISSN={0275-9306},}

@INPROCEEDINGS{Callegaro:2011, 
author={Callegaro, A.D. and Ortmann, M.S. and Mussa, S.A. and Heldwein, M.L.}, 
booktitle={Power Electronics Conference (COBEP)}, title={Power semiconductor switching losses experimental characterization system}, 
year={2011}, 
month={sept.}, 
volume={}, 
number={}, 
pages={1062 -1068}, 
keywords={Lead;Loss measurement;Power supplies;Semiconductor device measurement;Switches;power semiconductor switches;switching convertors;optimized converter designs;power converters;power semiconductor switching losses;semiconductor switching devices;switching frequencies;Efficiency;measurement;semiconductor switching losses;}, 
doi={10.1109/COBEP.2011.6085304}, 
ISSN={2175-8603},}

@book{Buso:2006,
  author =       {Simone Buso and Paolo Mattavelli},
  title =        {Digital Control in Power Electronics},
  publisher =    {Morgan \& Claypool Publishers},
  address =      {USA},
  year =         {2006},
  pages =        {151},
}

@techreport{OrtmannSamir:2008,
  author =       {Samir Ahmad Mussa and Marcio S. Ortmann},
  title =        {Representação Numérica e Aritimética em Ponto Fixo},
  institution =  {Instituto de Eletrônica de Potência},
  year =         {2008},
  type = 				 {Material Interno}
}

@mastersthesis{Steph:2004,
author = {Stephanie Katherine Teixeira Miller},
title  = {Retificador Trifásico Isolado com Fator de Potência Unitário Baseado no Transformador Scott},
year = {2004},
school = {Universidade de Santa Catarina (UFSC) - Instituto de Eletrônica de Potência}
}

@PhDThesis{Badin:2009,
author = {Alceu André Badin},
title  = {Retificadores Trifásicos com Fator de Potência Unitário Baseado nos Transformadores Trifásicos/ Bifásicos},
year = {2009},
school = {Universidade de Santa Catarina (UFSC) - Instituto de Eletrônica de Potência}
}

@INPROCEEDINGS{Karayaka:1999, 
author={Karayaka, H.B. and Keyhani, A. and Agrawal, B. and Selin, D. and Heydt, G.T.}, 
booktitle={Power Engineering Society 1999 Winter Meeting, IEEE}, title={Identification of armature circuit and field winding parameters of large utility generators}, 
year={1999}, 
month={jan-4 feb}, 
volume={1}, 
number={}, 
pages={29 -34 vol.1}, 
keywords={Circuit faults;Circuit noise;Circuit simulation;Machine windings;Maximum likelihood estimation;Noise measurement;Parameter estimation;Rectifiers;Recursive estimation;Synchronous generators;electric generators;machine windings;maximum likelihood estimation;parameter estimation;armature circuit parameters;damper parameters estimation;field winding parameters;large utility generators;machine natural abc frame of reference data;noise corrupted measurements;on-line operating data;output error estimation;parameters estimation;recursive maximum likelihood estimation;}, 
doi={10.1109/PESW.1999.747421}, 
ISSN={},}

@ARTICLE{IEEEexcit:2007, 
author={}, 
journal={IEEE Std 421.1-2007 (Revision of IEEE Std 421.1-1986)}, title={IEEE Standard Definitions for Excitation Systems for Synchronous Machines}, 
year={2007}, 
month={15}, 
volume={}, 
number={}, 
pages={c1 -23}, 
keywords={IEEE standards;excited states;synchronous machines;IEEE standard definitions;excitation control system;one-line block diagrams;synchronous machines;definitions of excitation controls, excitation block diagrams, excitation control systems, excitation systems terminology, synchronous generator controls;}, 
doi={10.1109/IEEESTD.2007.385319}, 
ISSN={},}

@ARTICLE{IEEEpowerexcit:2006, 
author={}, 
journal={IEEE Std 421.5-2005 (Revision of IEEE Std 421.5-1992)}, title={IEEE Recommended Practice for Excitation System Models for Power System Stability Studies}, 
year={2006}, 
month={ }, 
volume={}, 
number={}, 
pages={01-85}, 
keywords={}, 
doi={10.1109/IEEESTD.2006.99499}, 
ISSN={},}

@ARTICLE{IEEEspec:2004, 
author={}, 
journal={IEEE Std 421.4-2004 (Revision of IEEE Std 421.4-1990)}, title={IEEE Guide for the Preparation of Excitation System Specifications}, 
year={2004}, 
month={ }, 
volume={}, 
number={}, 
pages={0-1 -38}, 
keywords={}, 
doi={10.1109/IEEESTD.2004.95430}, 
ISSN={},}

@PhDThesis{Zeni:2004,
author = {Nelson Zeni Junior},
title  = {Controle da Excitação de Geradores de Usinas Hidrelétricas: Modelagem, Identificação, Ajustes e Ensaios de Campo},
year = {1987},
school = {Universidade de Santa Catarina (UFSC)}
}

@mastersthesis{Neto:2004,
author = {Antonio Ribas Neto},
title  = {Controle Preditivo Aplicado à Regulação de Tensão de Usinas Hidrelétricas},
year = {2010},
school = {Universidade de Santa Catarina (UFSC) - Departamento de Automação e Sistemas}
}

@mastersthesis{Mario:2007,
author = {Mário Henrique Pereira Santos},
title  = {Controle Ativo da Corrente Entre Pontes Retificadoras a Tiristor Conectadas em Paralelo Aplicadas na Excitação de Geradores},
year = {2007},
school = {Universidade de Santa Catarina (UFSC) - Instituto de Eletrônica de Potência}
}

@PhDThesis{Pottker:2000,
author = {Fabiana Pöttker de Souza},
title  = {Correção do Fator de Potência para Instalações de Baixa Potência Empregando Filtros Ativos},
year = {2000},
school = {Universidade de Santa Catarina (UFSC) - Instituto de Eletrônica de Potência}
}

@INPROCEEDINGS{EssencePFC:2011, 
author={Kolar, J.W. and Friedli, T.}, 
booktitle={International Telecommunications Energy Conference (INTELEC)},
title={The essence of three-phase PFC rectifier systems}, 
year={2011}, 
month={oct.}, 
volume={}, 
number={}, 
pages={1 -27}, 
keywords={Bridge circuits;Electromagnetic interference;Fires;Harmonic analysis;PWM power convertors;electromagnetic interference;power factor correction;power semiconductor diodes;rectifiers;EMI noise level;PWM buck-type rectifier;Swiss rectifier;active PWM boost-type rectifier;controlled output voltage;direct input current control;hybrid three-phase buck-type PFC rectifier topology;industrial application;multiobjective optimization;passive component technology;passive three-phase diode rectifier;performance sensitivity;power density;power semiconductor technology;semiconductor stress;single-phase PFC rectifier system;sinusoidal input current;three-phase PFC rectifier system;PFC;PFC rectifier;PWM rectifier;SWISS Rectifier;Vienna Rectifier;ac-dc converter;boost;buck;overview;review;single-phase;three-phase;}, 
doi={10.1109/INTLEC.2011.6099838}, 
ISSN={2158-5210},}

@Article{pwmexcit:2005,
	author = {Gui-xi Jia e Yue Dong e Chen-tang Zhang},
	title = {PWM-Based Excitation System of Generators},
	year  = {2005},
	journal = {Journal of Tianjin University},
	volume = {Vol. 38},
	number = {10},
	month = {October}
}

@Article{cscexcit:2008,
	author = {Chengxiong Maio e Jiandong Wu e Huibo Lou e Jiming Lu e Dan Wang e Wei Wang},
	title = {Large Synchronous Generator Excitation System Based on Current Source Converters},
	year  = {2008},
	journal = {Water Resources and Power},
	volume = {Vol. 26},
	number = {3},
	month = {June}
}

@INPROCEEDINGS{OPWMcscexciter:2011, 
author={Huibo Lou and Chengxiong Mao and Wei-Jen Lee and Jiming Lu and Dan Wang and Haibo Liu and Sheng Wang}, 
booktitle={Power Engineering and Automation Conference (PEAM)}, title={Optimal pulse width modulation for current source converter based static exciter}, 
year={2011}, 
month={sept.}, 
volume={2}, 
number={}, 
pages={469 -473}, 
keywords={Harmonic analysis;Minimization;Power system harmonics;Pulse width modulation;Reactive power;Switches;PWM power convertors;constant current sources;exciters;harmonic distortion;particle swarm optimisation;power system control;ac side line current;current source converter;decoupled loop control;nonlinear transcendental equations;optimal pulse width modulation;particle swarm optimization;static exciter;total harmonic distortion;current source;particle swarm optimization;static exciter;total harmonic distortion;}, 
doi={10.1109/PEAM.2011.6135100}, 
ISSN={},}

@INPROCEEDINGS{Mwinyiwiwa:1989, 
author={Mwinyiwiwa, B. and Birks, P.M. and Ooi, B.-T.}, 
booktitle={Industry Applications Society Annual Meeting},
title={Delta modulated buck type PWM converter}, 
year={1989}, 
month={oct.}, 
volume={}, 
number={}, 
pages={885 -890 vol.1}, 
keywords={Delta modulation;Feedback loop;Power supplies;Pulse width modulation;Pulse width modulation converters;Pulse width modulation inverters;Reactive power;Rectifiers;Space vector pulse width modulation;Voltage control;delta modulation;feedback;power convertors;pulse width modulation;rectifiers;DC link;PWM converter;buck power convertor;controlled current inverters;delta modulation;feedback;hysteresis current;model;power factor;three-phase;utility power supply;}, 
doi={10.1109/IAS.1989.96748}, 
ISSN={},}

@INPROCEEDINGS{Badin-artic:2008, 
author={Badin, A.A. and Barbi, I.}, 
booktitle={Power Electronics Specialists Conference (PESC)},
title={Three-phase series-buck rectifier with split DC-bus based on the Scott transformer}, 
year={2008}, 
month={june}, 
volume={}, 
number={}, 
pages={516 -522}, 
keywords={Circuits;Inductors;Low voltage;Phase transformers;Power harmonic filters;Power supplies;Reactive power;Rectifiers;Surge protection;Voltage control;power factor;power transformers;rectifying circuits;voltage control;Scott transformer;short circuit protection;single-phase PWM regulator;split DC-bus;three-phase series-buck rectifier;unity power factor;voltage control loop;voltage regulation;}, 
doi={10.1109/PESC.2008.4591981}, 
ISSN={0275-9306},}

@INPROCEEDINGS{steph-artic:2005, 
author={Miller, S.K.T. and Barbi, I.}, 
booktitle={Applied Power Electronics Conference and Exposition (APEC)}, title={Practical aspects of the unity power factor isolated three-phase rectifier based on the Scott transformer}, 
year={2005}, 
month={march}, 
volume={1}, 
number={}, 
pages={ 621 - 627 Vol. 1}, 
keywords={Circuit topology;Current control;Galvanizing;Inductors;Laboratories;Power electronics;Power supplies;Reactive power;Rectifiers;Virtual prototyping; electric current control; inductors; network topology; phase shifters; power factor correction; rectifying circuits; switching circuits; transformers; voltage control; 12 kW; Scott transformer; average current control; boost inductors; galvanic isolation; three-phase rectifier; unity power factor; alpha; beta; transformation;}, 
doi={10.1109/APEC.2005.1453012}, 
ISSN={},}

@Book{Krause:2002,
	author = {Paul C. Krause and Oleg Wasynczuk and Scott D. Sudhoff},
	title = {Analysis of Electric Machinery and Drive Systems},
	year = {2002},
	publisher = {IEEE Press Pwoer Engineering Series},
	edition = {Second Edition}
}

@ARTICLE{Gandoy:2000, 
author={Doval-Gandoy, J. and Penalver, C.M.}, 
journal={IEEE Transactions on Power Electronics}, title={Dynamic and steady state analysis of a three phase buck rectifier }, 
year={2000}, 
month={nov}, 
volume={15}, 
number={6}, 
pages={953 -959}, 
keywords={Displacement control;Harmonic distortion;Power system modeling;Pulse width modulation converters;Pulse width modulation inverters;Reactive power;Rectifiers;Steady-state;Transient analysis;Voltage;PWM power convertors;commutation;harmonic distortion;power conversion harmonics;power factor correction;rectifying circuits;transient analysis;PWM buck rectifier;PWM inverter;constant output power;constant power operation;current source rectifiers;displacement power factor control;dynamic analysis;high dynamics;line commutated rectifiers;load behavior;load conditions;power factor;pulse width modulation;reactive power;real power;reduced line current harmonic distortion;resistive load;small-signal model;static converter characteristics;steady state analysis;synchronous reference frame;three phase buck rectifier;}, 
doi={10.1109/63.892700}, 
ISSN={0885-8993},}

@INPROCEEDINGS{Joos:1993, 
author={Zargari, N.R. and Joos, G.}, 
booktitle={Industry Applications Society Annual Meeting, Conference Record of the 1993 IEEE}, 
title={A current-controlled current source type unity power factor PWM rectifier}, 
year={1993}, 
month={oct}, 
volume={}, 
number={}, 
pages={793 -799 vol.2}, 
keywords={Circuits;Current control;Equations;Guidelines;Pulse width modulation;Reactive power;Rectifiers;Space vector pulse width modulation;Steady-state;Voltage;circuit oscillations;electric current control;power factor;pulse width modulation;rectifiers;transients;1.5 kVA;AC input current;PWM rectifier;analysis;current-controlled current source;design;input line currents;oscillations;output DC voltage;sinusoidal currents;steady-state operation;transient dynamics;transients;unity power factor;}, 
doi={10.1109/IAS.1993.298989}, 
ISSN={},}

@PhDThesis{Borgonovo:2005,
author = {Deivis Borgonovo},
title  = {Análise, Modelagem e Controle de Retificadores PWM Trifásicos},
year = {2005},
school = {Universidade de Santa Catarina (UFSC) - Instituto de Eletrônica de Potência}
}

@Manual{Epcos,
	author = {EPCOS},
	title  ={Film Capacitor - Metallized Polypropylene Film Capacitors (MKP) },
	year = {2011},
	month = {Outubro}
}

@Misc{ixys,
	author = {IXYS},
	title  ={Folha de Dados - Fast Recovery Epitaxial Diode: DSEI60-12A},
	year = {2011},
	month = {Outubro}
}

@Misc{ir,
	author = {International Rectifier},
	title  = {Folha de dados - IGBT: IRG7PHD6UDPbF/ IRG7PHD6UD-EP},
	year = {2000},
}

@Misc{supplier,
	author = {Supplier},
	title  = {Folha de dados - Driver: DRO100D25A},
	year = {2012},
	month = {Abril}
}

@Misc{cui,
	author = {V-INFINITY},
	title  = {Folha de dados - dc-dc converter: PTK25},
	year = {2009},
	month = {Junho}
}

@Misc{lem,
	author = {LEM},
	title  = {Folha de dados - Transdutor de Corrente: LAH 25-NP},
	year = {2006},
}

@Misc{hs,
	author = {HS Dissipadores},
	title  = {Catálogo HS Dissipadores},
	year = {2009},
}

@Manual{Texas,
	author = {Texas Instruments},
	title  = {Data Manual: TMS320F2810, TMS320F2811, TMS320F2812, TMS320C2810, TMS320C2811, TMS320C2812},
	year = {2001},
	month = {Abril}
}

@Manual{TexasEV,
	author = {Texas Instruments},
	title  = {TMS320x281x DSP Event Manager (EV) Reference Guide},
	year = {2004},
	month = {Novembro},
	note = {Literature Number: SPRU065E}
}

@misc{notaslobo,
	author = {Marcelo Lobo Heldwein},
	title  = {Notas de aula do curso de Redes Ativas - Modelagem CSC},
	year = {2011},
	month = {Outubro},
	howpublished = {Universidade de Santa Catarina (UFSC) - Instituto de Eletrônica de Potência}
}

@INPROCEEDINGS{Mussa:04, 
author={Mussa, S.A. and Mohr, H.B.}, 
booktitle={Power Electronics Specialists Conference (PESC)},
title={Three-phase digital PLL for synchronizing on three-phase/switch/level boost rectifier by DSP}, 
year={2004}, 
volume={5}, 
pages={3659-3664 Vol.5}, 
keywords={cost reduction;digital control;digital phase locked loops;digital signal processing chips;power factor correction;power semiconductor switches;rectifying circuits;switching convertors;synchronisation;ADMC401;DPLL;DSP;DSP controllers;PFC;cost reduction;digital control;digital phase locked loop;frequency angle;on-chip integration;phase angle;phase locked loop circuit;phase voltage;power density;power factor correction;power switches;synchronizing circuit;three-level preregulator rectifier;three-phase digital PLL;three-phase-switch-level boost rectifier;Circuits;Control systems;Costs;Digital control;Digital signal processing;Frequency synchronization;Phase locked loops;Rectifiers;Switches;Voltage}, 
doi={10.1109/PESC.2004.1355123}, 
ISSN={0275-9306},}

@INPROCEEDINGS{FriedliRB:2006, 
author={Friedli, T. and Heldwein, M.L. and Giezendanner, F. and Kolar, J.W.}, 
booktitle={Power Electronics Specialists Conference (PESC)}, title={A High Efficiency Indirect Matrix Converter Utilizing RB-IGBTs}, 
year={2006}, 
pages={1-7}, 
keywords={insulated gate bipolar transistors;matrix convertors;rectifiers;switching convertors;RB-IGBT;cooling system;indirect matrix converter;rectifier switching;reverse voltage blocking capability;semiconductor losses;Analytical models;Cooling;Equations;Insulated gate bipolar transistors;Matrix converters;Performance analysis;Process design;Rectifiers;Topology;Voltage}, 
doi={10.1109/PESC.2006.1711936}, 
ISSN={0275-9306},}

@mastersthesis{Mello:1998,
author = {Vanderlei Antunes de Mello},
title  = {Inversor Monofásico de Corrente com Controle por Modos Deslizantes},
year = {2008},
school = {Universidade de Santa Catarina (UFSC) - Instituto de Eletrônica de Potência}
}

@INPROCEEDINGS{Borojevich:2008, 
author={Cass, C.J. and Burgos, R. and Wang, F. and Boroyevich, D.}, 
booktitle={Applied Power Electronics Conference and Exposition, 2008. APEC 2008. Twenty-Third Annual IEEE}, title={Improved charge control with adjustable input power factor and optimized switching pattern for a 150 kHz three-phase buck rectifier}, 
year={2008}, 
pages={1200-1206}, 
keywords={power factor;rectifying circuits;EMI filter;JFET-based buck rectifier;SiC;adjustable input power factor;charge control;frequency 150 kHz;input current waveform quality;input power factor compensation;optimized switching pattern;power 2 kW;three-phase buck rectifier;Control systems;Electromagnetic interference;Filters;Reactive power;Rectifiers;Schottky diodes;Silicon carbide;Switches;Switching converters;Switching frequency}, 
doi={10.1109/APEC.2008.4522875}, 
ISSN={1048-2334},}

@INPROCEEDINGS{Borojevich:2000, 
author={Kunrong Wang and Boroyevich, D. and Lee, F.C.}, 
booktitle={Applied Power Electronics Conference and Exposition, 2000. APEC 2000. Fifteenth Annual IEEE}, title={Charge control of three-phase buck PWM rectifiers}, 
year={2000}, 
volume={2}, 
pages={824-831 vol.2}, 
keywords={DC-DC power convertors;PWM power convertors;dynamic response;electric current control;rectifying circuits;DC rail current;analog circuitry;average input phase currents control;charge control;fast dynamic response;input phase voltages tracking;noise immunity;six-step PWM;three-phase buck PWM rectifiers;Circuits;Filters;Inductors;Pi control;Proportional control;Pulse width modulation;Rectifiers;Shape control;Space vector pulse width modulation;Voltage control}, 
doi={10.1109/APEC.2000.822600},}

@ARTICLE{CukLipo:2002,
author={Kikuchi, J. and Lipo, T.A.},
journal={IEEE Transactions on Industry Applications}, title={Three-phase PWM boost-buck rectifiers with power-regenerating capability},
year={2002},
volume={38},
number={5},
pages={1361-1369},
keywords={AC-DC power convertors;PWM power convertors;circuit simulation;harmonic distortion;power conversion harmonics;rectifying circuits;Cuk-Cuk realization;blanking time effect mitigation;circuit simulations;dynamic model;inverter load;low-order harmonic control;power-regenerating capability;steady-state model;step-down convertors;step-up convertors;switching loss reduction;three-phase PWM boost-buck rectifiers;unity-power-factor operation;voltage sag/swell compensation;Blanking;Diodes;Pulse width modulation;Pulse width modulation inverters;Rectifiers;Space vector pulse width modulation;Switching loss;Thyristors;Voltage control;Voltage fluctuations},
doi={10.1109/TIA.2002.802910},
ISSN={0093-9994},}